@book{burden2015numerical,
  title={Numerical analysis},
  author={Burden, Richard L and Faires, J Douglas and Burden, Annette M},
  year={2015},
  publisher={Cengage learning}
}

@book{larson2016elementary,
  title={Elementary linear algebra},
  author={Larson, Ron},
  year={2016},
  publisher={Cengage Learning}
}
@book{bobrow1983analisis,
  title={An{\'a}lisis de circuitos el{\'e}ctricos},
  author={Bobrow, Leonard S},
  number={621.3 B663a},
  year={1983},
  publisher={Edit. Iberoamericana,}
}

@book{devries2011first,
  title={A first course in computational physics},
  author={DeVries, Paul L and Hasbun, Javier E},
  year={2011},
  publisher={Jones \& Bartlett Publishers}
}

@book{landau2015computational,
  title={Computational physics: Problem solving with Python},
  author={Landau, Rubin H and P{\'a}ez, Manuel J and Bordeianu, Cristian C},
  year={2015},
  publisher={John Wiley \& Sons}
}
